@Article{Zhan8052206,
  author =  {{\bf K. Zhan} and C. Zhang and J. Guan and J. Wang},
  title =   {Graph learning for multiview clustering},
  journal = {IEEE Transactions on Cybernetics},
  year =    {2018},
  volume =  {48},
  number =  {10},
  pages =   {2887--2895}
}
